@article{Reges:1988:EUU:52965.52971,
 author = {Reges, Stuart and McGrory, John and Smith, Jeff},
 title = {The effective use of undergraduates to staff large introductory CS courses},
 journal = {SIGCSE Bull.},
 issue_date = {Feb. 1988},
 volume = {20},
 number = {1},
 month = feb,
 year = {1988},
 issn = {0097-8418},
 pages = {22--25},
 numpages = {4},
 url = {http://doi.acm.org/10.1145/52965.52971},
 doi = {10.1145/52965.52971},
 acmid = {52971},
 publisher = {ACM},
 address = {New York, NY, USA},
} 
